@misc{EA,
  title = {{Exemplo de Artigo}},
  howpublished = {\url{https://inbre.jabsom.hawaii.edu/wp-content/uploads/2017/05/Imaizumi-Yuko_Research-paper-2017.pdf}},
  note = {Acessado em: 2024-05-12}
}
@misc{FA,
  title = {{Formatação de Artigo}},
  howpublished = {\url{https://www.bates.edu/biology/files/2010/06/How-to-Write-Guide-v10-2014.pdf}},
  note = {Acessado em: 2024-05-12}
}
@misc{FA2,
  title = {{Formatação de Artigo}},
  howpublished = {\url{https://edisciplinas.usp.br/pluginfile.php/1876409/mod_folder/content/0/HTW_Guide_Sections_3-7-2011.pdf}},
  note = {Acessado em: 2024-05-12}
}
@misc{SFT,
  title = {{Softex}},
  howpublished = {\url{https://softex.br/}},
  note = {Acessado em: 2024-05-12}
}
@misc{TIC,
  title = {{Indústria TIC}},
  howpublished = {\url{https://blog.algartelecom.com.br/inovacao/significado-de-tics-entenda-de-uma-vez-por-todas/}},
  note = {Acessado em: 2024-05-12}
}
@misc{MPS,
  title = {{MPSBR}},
  howpublished = {\url{ https://softex.br/mpsbr}},
  note = {Acessado em: 2024-05-12}
}
@misc{MP1,
  title = {{MPSBR}},
  howpublished = {\url{https://blogdaqualidade.com.br/o-que-e-o-mps-br/}},
  note = {Acessado em: 2024-05-12}
}
@misc{MP2,
  title = {{MPSBR}},
  howpublished = {\url{https://www.softex.br/wp-content/uploads/2013/07/MPS.BR_Guia_Geral_Software_2012-c-ISBN-1.pdf}},
  note = {Acessado em: 2024-05-12}
}
@misc{MPNM,
  title = {{MPSBR Níveis}},
  howpublished = {\url{https://promovesolucoes.com/quais-sao-os-niveis-de-maturidade-do-mps-br/}},
  note = {Acessado em: 2024-05-12}
}
@misc{OSC,
  title = {{Organização Social Civil}},
  howpublished = {\url{https://pt.wikipedia.org/wiki/Associação_para_Promoção_da_Excelência_do_Software_Brasileiro}},
  note = {Acessado em: 2024-05-12}
}
@misc{EAM,
  title = {{Empresas Avaliadas MPSBR}},
  howpublished = {\url{https://softex.br/mpsbr/avaliacoes/}},
  note = {Acessado em: 2024-05-12}
}
@misc{CMI,
  title = {{CMMI}},
  howpublished = {\url{https://cmmiinstitute.com/}},
  note = {Acessado em: 2024-05-12}
}
@misc{ISO,
  title = {{ISO 33020:2019}},
  howpublished = {\url{https://www.iso.org/standard/78526.html}},
  note = {Acessado em: 2024-05-12}
}
@misc{ISO,
  title = {{ISO 33020:2019}},
  howpublished = {\url{https://www.iso.org/standard/78526.html}},
  note = {Acessado em: 2024-05-12}
}
@misc{IS1,
  title = {{ISO IEC 33001}},
  howpublished = {\url{https://en.wikipedia.org/wiki/ISO/IEC_33001}},
  note = {Acessado em: 2024-05-12}
}
@misc{CM2,
  title = {{CMMI 2.0}},
  howpublished = {\url{http://www.isdbrasil.com.br/artigos/cmmi2.0.php}},
  note = {Acessado em: 2024-05-12}
}
